@misc{abb:vmodell,
	author = {Michael PÃ¤tzold and S. Seyfert},
	title = {V-Modell},
	note = {CC-BY-SA 3.0},
	url = {https://commons.wikimedia.org/wiki/File:V-Modell.svg},
    date = {2010-01-26},
	urldate = {2017-12-19},
}

@misc{abb:hadoopBenchmarkArch,
    author = {Filip Krikava},
    title = {Architecture},
    url = {https://github.com/Spirals-Team/hadoop-benchmark/blob/b32711e3a724e7183e4f52ba76e34f2e587a523a/README.md},
    date = {2017-01-23},
    urldate = {2018-01-22},
}
