@online{HadoopHomePage,
	title = {Welcome to Apache\texttrademark Hadoop\textregistered!},
	url = {http://hadoop.apache.org/},
	author = {{Apache Software Foundation}},
	date = {18-12-2017},
	urldate = {2017-12-27},
}

@online{HadoopYarnDesc272,
	title = {Apache Hadoop YARN},
	url = {http://hadoop.apache.org/docs/r2.7.2/hadoop-yarn/hadoop-yarn-site/YARN.html},
	author = {{Apache Software Foundation}},
	date = {27-01-2016},
	urldate = {2017-12-27},
}

@online{HadoopHdfsDesc272,
    title = {HDFS Architecture},
    url = {http://hadoop.apache.org/docs/r2.7.2/hadoop-project-dist/hadoop-hdfs/HdfsDesign.html},
    author = {{Apache Software Foundation}},
    date = {26-01-2016},
    urldate = {2017-12-27},
}

@online{InriaTutorial,
	title = {Tutorial},
	url = {https://github.com/Spirals-Team/hadoop-benchmark/wiki/Tutorial},
	author = {Zhang, Bo},
	date = {10-03-2017},
	urldate = {2017-11-21},
}
