@misc{abb:hadoopBenchmarkArch,
    author = {Filip Krikava},
    title = {Architecture},
    url = {https://github.com/Spirals-Team/hadoop-benchmark/blob/b32711e3a724e7183e4f52ba76e34f2e587a523a/README.md},
    date = {2017-01-23},
    urldate = {2018-01-22},
}
