@inproceedings{Zhang2016,
    TITLE = "{Self-Balancing Job Parallelism and Throughput in Hadoop}",
    AUTHOR = "Zhang, Bo and K{\v r}ikava, Filip and Rouvoy, Romain and Seinturier, Lionel",
    URL = {https://hal.inria.fr/hal-01294834},
    BOOKTITLE = {{16th IFIP WG 6.1 International Conference on Distributed Applications and Interoperable Systems (DAIS)}},
    ADDRESS = {Heraklion, Crete, Greece},
    EDITOR = {M{\'a}rk Jelasity and Evangelia Kalyvianaki},
    PUBLISHER = {{Springer}},
    SERIES = {Distributed Applications and Interoperable Systems},
    VOLUME = {LNCS-9687},
    PAGES = {129-143},
    YEAR = {2016},
    MONTH = {6},
    DOI = {10.1007/978-3-319-39577-7\_11},
    KEYWORDS = {Hadoop ; Map Reduce ; Self-optimisation},
    PDF = {https://hal.inria.fr/hal-01294834/file/zhang-dais16.pdf},
    HAL_ID = {hal-01294834},
    HAL_VERSION = {v1},
}

@phdthesis{Cheng2008,
	author = {Cheng, Shang-Wen},
	advisor = {Garlan, David},
	title = {Rainbow: Cost-effective Software Architecture-based Self-adaptation},
	year = {2008},
	isbn = {978-0-549-52525-7},
	note = {AAI3305807},
	school = {Carnegie Mellon University},
	address = {Pittsburgh, PA, USA},
} 

@INPROCEEDINGS{Habermaier2016,
	author="Habermaier, Axel
	and Leupolz, Johannes
	and Reif, Wolfgang",
	editor="ter Beek, Maurice H.
	and Gnesi, Stefania
	and Knapp, Alexander",
	title="Unified Simulation, Visualization, and Formal Analysis of Safety-Critical Systems with S\#",
	bookTitle="Critical Systems: Formal Methods and Automated Verification: Joint 21st International Workshop on Formal Methods for Industrial Critical Systems and 16th International Workshop on Automated Verification of Critical Systems, FMICS-AVoCS 2016, Pisa, Italy, September 26-28, 2016, Proceedings",
	year="2016",
	publisher="Springer International Publishing",
	address="Cham",
	pages="150--167",
	isbn="978-3-319-45943-1",
	doi="10.1007/978-3-319-45943-1_11",
	url="https://doi.org/10.1007/978-3-319-45943-1_11"
}

@INPROCEEDINGS{Habermaier2015,
	author={A. Habermaier and B. Eberhardinger and H. Seebach and J. Leupolz and W. Reif},
	booktitle={2015 IEEE International Conference on Self-Adaptive and Self-Organizing Systems Workshops},
	title={Runtime Model-Based Safety Analysis of Self-Organizing Systems with S\#},
	year={2015},
	pages={128-133},
	doi={10.1109/SASOW.2015.26},
	month={9},
}

@INPROCEEDINGS{Eberhardinger2017,
	author={B. Eberhardinger and A. Habermaier and W. Reif},
	booktitle={2017 IEEE/ACM 12th International Workshop on Automation of Software Testing (AST)},
	title={Toward Adaptive, Self-Aware Test Automation},
	year={2017},
	pages={34-37},
	doi={10.1109/AST.2017.1},
	month={5},
}

@INPROCEEDINGS{Eberhardinger2016,
	author="Eberhardinger, Benedikt
	and Habermaier, Axel
	and Seebach, Hella
	and Reif, Wolfgang",
	editor="Wotawa, Franz
	and Nica, Mihai
	and Kushik, Natalia",
	title="Back-to-Back Testing of Self-organization Mechanisms",
	bookTitle="Testing Software and Systems: 28th IFIP WG 6.1 International Conference, ICTSS 2016, Graz, Austria, October 17-19, 2016, Proceedings",
	year="2016",
	publisher="Springer International Publishing",
	address="Cham",
	pages="18--35",
	isbn="978-3-319-47443-4",
	doi="10.1007/978-3-319-47443-4_2",
	url="https://doi.org/10.1007/978-3-319-47443-4_2"
}

@ARTICLE{Polo2013,
	author={M. Polo and P. Reales and M. Piattini and C. Ebert},
	journal={IEEE Software},
	title={Test Automation},
	year={2013},
	volume={30},
	number={1},
	pages={84-89},
	doi={10.1109/MS.2013.15},
	ISSN={0740-7459},
	month={1},
}

@inproceedings{Siqueira2016,
	author = {Siqueira, Bento Rafael and Ferrari, Fabiano Cutigi and Serikawa, Marcel Akira and Menotti, Ricardo and de Camargo, Valter Vieira},
	title = {Characterisation of Challenges for Testing of Adaptive Systems},
	booktitle = {Proceedings of the 1st Brazilian Symposium on Systematic and Automated Software Testing},
	series = {SAST},
	year = {2016},
	isbn = {978-1-4503-4766-2},
	location = {Maringa, Parana, Brazil},
	pages = {11:1--11:10},
	articleno = {11},
	numpages = {10},
	url = {http://doi.acm.org/10.1145/2993288.2993294},
	doi = {10.1145/2993288.2993294},
	acmid = {2993294},
	publisher = {ACM},
	address = {New York, NY, USA},
	keywords = {Adaptive systems, software testing, testing challenges},
} 

@article{Leucker2008,
	title = "A brief account of runtime verification",
	journal = "The Journal of Logic and Algebraic Programming",
	volume = "78",
	number = "5",
	pages = "293 - 303",
	year = "2009",
	note = "The 1st Workshop on Formal Languages and Analysis of Contract-Oriented Software (FLACOS’07)",
	issn = "1567-8326",
	doi = "https://doi.org/10.1016/j.jlap.2008.08.004",
	url = "http://www.sciencedirect.com/science/article/pii/S1567832608000775",
	author = "Martin Leucker and Christian Schallhart",
	keywords = "Verification, Testing, Monitoring, Assertion checking"
}

@article{Grumberg1999,
	title={Model checking},
	author={Grumberg, Orna and Clarke, EM and Peled, DA},
	year={1999},
	publisher={The MIT Press},
	location = {Cambridge, MA},
}

@book{Baier2008,
	author = {Baier, Christel; Katoen, Joost-Pieter},
	title = {Principles of model checking},
	publisher = {MIT Press},
	location = {Cambridge, MA},
	isbn = {978-0-262-026499},
	year = {2008},
}

@inproceedings{Dean2004,
    author = {Dean, Jeffrey and Ghemawat, Sanjay},
    title = {MapReduce: Simplified Data Processing on Large Clusters},
    booktitle = {Proceedings of the 6th Conference on Symposium on Opearting Systems Design \& Implementation - Volume 6},
    series = {OSDI'04},
    year = {2004},
    location = {San Francisco, CA},
    pages = {137--150},
    url = {http://dl.acm.org/citation.cfm?id=1251254.1251264},
    acmid = {1251264},
    publisher = {USENIX Association},
    address = {Berkeley, CA, USA},
}

@misc{Graves2013,
    title={GraySort and MinuteSort at Yahoo on Hadoop 0.23},
    author={Graves, Thomas},
    year={2013},
    url={http://sortbenchmark.org/Yahoo2013Sort.pdf}
}

@INPROCEEDINGS{Huang2010,
    author={S. Huang and J. Huang and J. Dai and T. Xie and B. Huang},
    booktitle={2010 IEEE 26th International Conference on Data Engineering Workshops (ICDEW 2010)},
    title={The HiBench benchmark suite: Characterization of the MapReduce-based data analysis},
    year={2010},
    pages={41-51},
    keywords={Java;data analysis;public domain software;HDFS bandwidth;Hadoop characterization;HiBench benchmark suite;MapReduce based data analysis;data access patterns;open source implementation;Bandwidth;Cloud computing;Data analysis;Explosives;Fault tolerance;Large-scale systems;Open source software;Personal communication networks;Resource management;Throughput},
    doi={10.1109/ICDEW.2010.5452747},
    month=mar,
}

@article{Chen2012,
    author = {Chen, Yanpei and Alspaugh, Sara and Katz, Randy},
    title = {Interactive Analytical Processing in Big Data Systems: A Cross-industry Study of MapReduce Workloads},
    journal = {Proc. VLDB Endow.},
    issue_date = {August 2012},
    volume = {5},
    number = {12},
    month = aug,
    year = {2012},
    issn = {2150-8097},
    pages = {1802--1813},
    numpages = {12},
    url = {http://dx.doi.org/10.14778/2367502.2367519},
    doi = {10.14778/2367502.2367519},
    acmid = {2367519},
    publisher = {VLDB Endowment},
}

@article{Ren2013,
    author = {Ren, Kai and Kwon, YongChul and Balazinska, Magdalena and Howe, Bill},
    title = {Hadoop's Adolescence: An Analysis of Hadoop Usage in Scientific Workloads},
    journal = {Proc. VLDB Endow.},
    issue_date = {August 2013},
    volume = {6},
    number = {10},
    month = aug,
    year = {2013},
    issn = {2150-8097},
    pages = {853--864},
    numpages = {12},
    url = {http://dx.doi.org/10.14778/2536206.2536213},
    doi = {10.14778/2536206.2536213},
    acmid = {2536213},
    publisher = {VLDB Endowment},
}

@article{Marynowski2012,
    author    = {Jo{\~{a}}o Eugenio Marynowski and
    Michel Albonico and
    Eduardo Cunha de Almeida and
    Gerson Suny{\'{e}}},
    title     = {Testing MapReduce-Based Systems},
    journal   = {CoRR},
    volume    = {abs/1209.6580},
    year      = {2012},
    url       = {http://arxiv.org/abs/1209.6580},
    archivePrefix = {arXiv},
    eprint    = {1209.6580},
}

@report{Eberhardinger2018,
    author = {Benedikt Eberhardinger and Hella Ponsa and Gerald Siegert and Wolfgang Reif},
    title = {Case Study: Adaptive Test Automation for Testing
    an Adaptive Hadoop Resource Manager},
    institution = {Institute for Software \& Systems Engineering, University of Augsburg},
    date = {2018},
    month = apr,
}

@article{Groce2018,
	author = {Groce, Alex and Holmes, Josie and Marinov, Darko and Shi, August and Zhang, Lingming},
	title = {An Extensible, Regular-expression-based Tool for Multi-language Mutant Generation},
	booktitle = {Proceedings of the 40th International Conference on Software Engineering: Companion Proceeedings},
	series = {ICSE '18},
	year = {2018},
	isbn = {978-1-4503-5663-3},
	location = {Gothenburg, Sweden},
	pages = {25--28},
	numpages = {4},
	url = {http://doi.acm.org/10.1145/3183440.3183485},
	doi = {10.1145/3183440.3183485},
	acmid = {3183485},
	publisher = {ACM},
	address = {New York, NY, USA},
	keywords = {multi-language tools, mutation testing, regular expressions},
}

@article{Kalman1960,
    title={A new approach to linear filtering and prediction problems},
    author={K{\'a}lmán, Rudolph Emil},
    journal={Journal of basic Engineering},
    volume={82},
    number={1},
    pages={35--45},
    year={1960},
    publisher={American Society of Mechanical Engineers}
}

@book{Marchthaler2017,
    author={Marchthaler, Reiner and Dingler, Sebastian},
    title={Kalman-Filter},
    address={Wiesbaden},
    publisher={Springer Vieweg},
    year={2017},
    ISBN={9783658167271},
}

@book{Kim2016,
    author={Kim, Phil},
    title={Kalman-Filter f{\"u}r Einsteiger},
    address={Wroc{\l}aw},
    publisher={Amazon Fulfillment Poland Sp. z o.o},
    year={2016},
    edition={1. Auflage},
    ISBN={9781502723789},
}

@book{Simon2006,
    author={Simon, Dan},
    title={Optimal state estimation},
    address={Hoboken, NJ},
    publisher={Wiley-Interscience},
    year={2006},
    ISBN={9780471708582},
}

@book{Aggoun2004,
    author={Aggoun, Lakhdar and Elliott, Robert J.},
    title={Measure theory and filtering},
    address={Cambridge u.a.},
    publisher={Cambridge Univ. Press},
    year={2004},
    edition={1. publ.},
    ISBN={9780521838030},
    series={Cambridge series in statistical and probabilistic mathematics},
}

@phdthesis{Strukov2001,
    author={Strukov, Urs},
    title={Anwendung des Kalman-Filters zur Komplexit{\"a}tsreduktion im Controlling},
    year={2001},
}

@inproceedings{Vavilapalli2013,
    author = {Vavilapalli, Vinod Kumar and Murthy, Arun C. and Douglas, Chris and Agarwal, Sharad and Konar, Mahadev and Evans, Robert and Graves, Thomas and Lowe, Jason and Shah, Hitesh and Seth, Siddharth and Saha, Bikas and Curino, Carlo and O'Malley, Owen and Radia, Sanjay and Reed, Benjamin and Baldeschwieler, Eric},
    title = {Apache Hadoop YARN: Yet Another Resource Negotiator},
    booktitle = {Proceedings of the 4th Annual Symposium on Cloud Computing},
    series = {SOCC '13},
    year = {2013},
    isbn = {978-1-4503-2428-1},
    location = {Santa Clara, California},
    pages = {5:1--5:16},
    articleno = {5},
    numpages = {16},
    url = {http://doi.acm.org/10.1145/2523616.2523633},
    doi = {10.1145/2523616.2523633},
    acmid = {2523633},
    publisher = {ACM},
    address = {New York, NY, USA},
} 

@article{Dean2010,
    author = {Dean, Jeffrey and Ghemawat, Sanjay},
    title = {MapReduce: A Flexible Data Processing Tool},
    journal = {Commun. ACM},
    issue_date = {January 2010},
    volume = {53},
    number = {1},
    month = jan,
    year = {2010},
    issn = {0001-0782},
    pages = {72--77},
    numpages = {6},
    url = {http://doi.acm.org/10.1145/1629175.1629198},
    doi = {10.1145/1629175.1629198},
    acmid = {1629198},
    publisher = {ACM},
    address = {New York, NY, USA},
}

@article{Lee2012,
    author = {Lee, Kyong-Ha and Lee, Yoon-Joon and Choi, Hyunsik and Chung, Yon Dohn and Moon, Bongki},
    title = {Parallel Data Processing with MapReduce: A Survey},
    journal = {SIGMOD Rec.},
    issue_date = {December 2011},
    volume = {40},
    number = {4},
    month = jan,
    year = {2012},
    issn = {0163-5808},
    pages = {11--20},
    numpages = {10},
    url = {http://doi.acm.org/10.1145/2094114.2094118},
    doi = {10.1145/2094114.2094118},
    acmid = {2094118},
    publisher = {ACM},
    address = {New York, NY, USA},
} 

@misc{Schwichtenberg2017,
    title = {Kommentar: .NET Core 2.0 kann zwar mehr, aber es gibt immer noch gravierende Lücken},
    url = {https://heise.de/-3803583},
    author = {Schwichtenberg, Holger},
    publisher = {Heise Medien},
    date = {2017-08-16},
    urldate = {2018-07-12},
}

@INPROCEEDINGS{Shvachko2010,
    author={K. Shvachko and H. Kuang and S. Radia and R. Chansler},
    booktitle={2010 IEEE 26th Symposium on Mass Storage Systems and Technologies (MSST)},
    title={The Hadoop Distributed File System},
    year={2010},
    pages={1-10},
    keywords={Internet;distributed databases;network operating systems;Hadoop distributed file system;Yahoo!;data storage;data stream;enterprise data;Bandwidth;Clustering algorithms;Computer architecture;Concurrent computing;Distributed computing;Facebook;File servers;File systems;Protection;Protocols;HDFS;Hadoop;distributed file system},
    doi={10.1109/MSST.2010.5496972},
    ISSN={2160-195X},
    month={5},
}

@ARTICLE{Jia2011,
    author={Y. Jia and M. Harman},
    journal={IEEE Transactions on Software Engineering},
    title={An Analysis and Survey of the Development of Mutation Testing},
    year={2011},
    volume={37},
    number={5},
    pages={649-678},
    keywords={fault diagnosis;program testing;comprehensive analysis;development trend analysis;empirical results;fault-based software testing technique;mutation testing development;mutation testing technique;mutation testing tool;Automata;Books;Computer languages;Educational institutions;Fault detection;Genetic mutations;History;Java;Programming profession;Software testing;Mutation testing;survey.},
    doi={10.1109/TSE.2010.62},
    ISSN={0098-5589},
    month={9},
}

@ARTICLE{Madeyski2010,
    author={L. Madeyski and N. Radyk},
    journal={IET Software},
    title={Judy - a mutation testing tool for java},
    year={2010},
    volume={4},
    number={1},
    pages={32-42},
    keywords={DP industry;Java;program testing;software fault tolerance;software tools;MuJava mutation testing tool;fault detection;fault localisation;fault-based technique;mutation testing tool;software industry},
    doi={10.1049/iet-sen.2008.0038},
    ISSN={1751-8806},
    month={2},
}

@INPROCEEDINGS{Jia2008,
    author={Y. Jia and M. Harman},
    booktitle={Testing: Academic Industrial Conference - Practice and Research Techniques (taic part 2008)},
    title={MILU: A Customizable, Runtime-Optimized Higher Order Mutation Testing Tool for the Full C Language},
    year={2008},
    pages={94-98},
    keywords={C language;program testing;software tools;C language;MiLu;mutation operator;runtime-optimized higher order mutation testing tool;single-invocation procedure;test harness technique;Animals;Costs;Educational institutions;Genetic mutations;Horses;Runtime;Testing;MILU;mutation testing tool},
    doi={10.1109/TAIC-PART.2008.18},
    month={8},
}

@ARTICLE{DeMillo1978,
    author={R. A. DeMillo and R. J. Lipton and F. G. Sayward},
    journal={Computer},
    title={Hints on Test Data Selection: Help for the Practicing Programmer},
    year={1978},
    volume={11},
    number={4},
    pages={34-41},
    keywords={Computer bugs;Computer errors;Error analysis;Error correction;Process design;Programming profession;Software debugging;Software reliability;System testing},
    doi={10.1109/C-M.1978.218136},
    ISSN={0018-9162},
    month={4},
}

@ARTICLE{Hamlet1977,
    author={R. G. Hamlet},
    journal={IEEE Transactions on Software Engineering},
    title={Testing Programs with the Aid of a Compiler},
    year={1977},
    volume={SE-3},
    number={4},
    pages={279-290},
    keywords={Debugging;error correction;high-level language systems;maintenance of software;semantic error;systematic testing;Computer science;Debugging;Error correction;Error correction codes;High level languages;Humans;Program processors;Software maintenance;Software testing;System testing;Debugging;error correction;high-level language systems;maintenance of software;semantic error;systematic testing},
    doi={10.1109/TSE.1977.231145},
    ISSN={0098-5589},
    month={7},
}

@inproceedings{Coles2016,
    author = {Coles, Henry and Laurent, Thomas and Henard, Christopher and Papadakis, Mike and Ventresque, Anthony},
    title = {PIT: A Practical Mutation Testing Tool for Java (Demo)},
    booktitle = {Proceedings of the 25th International Symposium on Software Testing and Analysis},
    series = {ISSTA 2016},
    year = {2016},
    isbn = {978-1-4503-4390-9},
    location = {Saarbr\&\#252;cken, Germany},
    pages = {449--452},
    numpages = {4},
    url = {http://doi.acm.org/10.1145/2931037.2948707},
    doi = {10.1145/2931037.2948707},
    acmid = {2948707},
    publisher = {ACM},
    address = {New York, NY, USA},
    keywords = {Automated Tool, Mutation Testing, PIT},
} 

@book{Korn2010,
    author={Korn, Ralf},
    editor={Korn, Elke and Kroisandt, Gerald},
    title={Monte Carlo methods and models in finance and insurance},
    address={Boca Raton [u.a.]},
    publisher={CRC Press},
    year={2010},
    ISBN={9781420076189},
    series={Chapman \& Hall/CRC financial mathematics series. A Chapman \& Hall book},
    pages={ : graph. Darst.},
}

@book{Lemieux2009,
    author={Lemieux, Christiane},
    title={Monte Carlo and Quasi-Monte Carlo Sampling},
    address={New York, NY},
    publisher={Springer-Verlag New York},
    year={2009},
    edition={1},
    ISBN={9780387781655},
}

@book{Golomb1995,
    author={Golomb, Solomon W.},
    title={Polyominoes},
    address={Princeton, N. J.},
    publisher={Princeton Univ. Press},
    year={1995},
    edition={Rev. and expanded 2. ed.},
    ISBN={9780691024448},
    series={Princeton science library},
}

@article{Turing1937,
    author = {Turing, A. M.},
    title = {On Computable Numbers, with an Application to the Entscheidungsproblem},
    journal = {Proceedings of the London Mathematical Society},
    volume = {s2-42},
    number = {1},
    pages = {230-265},
    year = {1937},
    doi = {10.1112/plms/s2-42.1.230},
    URL = {http://dx.doi.org/10.1112/plms/s2-42.1.230},
}

@article{Turing1938,
    author = {Turing, A. M.},
    title = {On Computable Numbers, with an Application to the Entscheidungsproblem. A Correction},
    journal = {Proceedings of the London Mathematical Society},
    volume = {s2-43},
    number = {1},
    pages = {544-546},
    year = {1938},
    doi = {10.1112/plms/s2-43.6.544},
    URL = {http://dx.doi.org/10.1112/plms/s2-43.6.544},
}

@article{Bailey1997,
    title={On the rapid computation of various polylogarithmic constants},
    author={Bailey, David and Borwein, Peter and Plouffe, Simon},
    journal={Mathematics of Computation of the American Mathematical Society},
    volume={66},
    number={218},
    pages={903--913},
    year={1997},
    doi={https://doi.org/10.1090/S0025-5718-97-00856-9},
}
