@misc{abb:hadoopBenchmarkArch,
    author = {Filip Krikava},
    title = {Architecture},
    url = {https://github.com/Spirals-Team/hadoop-benchmark/blob/b32711e3a724e7183e4f52ba76e34f2e587a523a/README.md},
    date = {2017-01-23},
    urldate = {2018-01-22},
}

@misc{HadoopHomePage,
	title = {Welcome to Apache\texttrademark Hadoop\textregistered!},
	url = {https://hadoop.apache.org/},
    author = {{Apache Software Foundation}},
    date = {2017-12-18},
    urldate = {2017-12-27},
}

@misc{HadoopYarnOverview271,
    title = {MapReduce NextGen aka YARN aka MRv2},
    url = {http://hadoop.apache.org/docs/r2.7.1/hadoop-yarn/hadoop-yarn-site/index.html},
    author = {{Apache Software Foundation}},
    date = {2015-06-29},
    urldate = {2018-01-02},
}

@misc{HadoopYarnArch271,
	title = {Apache Hadoop NextGen MapReduce (YARN)},
	url = {https://hadoop.apache.org/docs/r2.7.1/hadoop-yarn/hadoop-yarn-site/YARN.html},
	author = {{Apache Software Foundation}},
    date = {2015-06-29},
    urldate = {2017-12-27},
}

@misc{HadoopYarnTlServer271,
    title = {The YARN Timeline Server},
    url = {http://hadoop.apache.org/docs/r2.7.1/hadoop-yarn/hadoop-yarn-site/TimelineServer.html},
    author = {{Apache Software Foundation}},
    date = {2015-06-29},
    urldate = {2018-01-27},
}

@misc{HadoopHdfsDesc271,
    title = {HDFS Architecture},
    url = {http://hadoop.apache.org/docs/r2.7.1/hadoop-project-dist/hadoop-hdfs/HdfsDesign.html},
    author = {{Apache Software Foundation}},
    date = {2015-06-29},
    urldate = {2017-12-27},
}

@misc{HadoopHdfsGuide271,
    title = {HDFS Users Guide},
    url = {http://hadoop.apache.org/docs/r2.7.1/hadoop-project-dist/hadoop-hdfs/HdfsUserGuide.html#Secondary_NameNode},
    author = {{Apache Software Foundation}},
    date = {2015-06-29},
    urldate = {2018-03-27},
}

@misc{HadoopMapRedTutorial271,
    title = {MapReduce Tutorial},
    url = {http://hadoop.apache.org/docs/r2.7.1/hadoop-mapreduce-client/hadoop-mapreduce-client-core/MapReduceTutorial.html},
    author = {{Apache Software Foundation}},
    date = {2015-06-29},
    urldate = {2018-01-02},
}

@misc{HadoopCapScheduler271,
    title = {Hadoop: Capacity Scheduler},
    url = {http://hadoop.apache.org/docs/r2.7.1/hadoop-yarn/hadoop-yarn-site/CapacityScheduler.html},
    author = {{Apache Software Foundation}},
    date = {2015-06-29},
    urldate = {2018-01-21},
}

@misc{HadoopYarnCmds271,
    title = {YARN Commands},
    url = {http://hadoop.apache.org/docs/r2.7.1/hadoop-yarn/hadoop-yarn-site/YarnCommands.html},
    author = {{Apache Software Foundation}},
    date = {2015-06-29},
    urldate = {2018-02-08},
}

@misc{HadoopRmApi271,
    title = {ResourceManager REST API’s.},
    url = {http://hadoop.apache.org/docs/r2.7.1/hadoop-yarn/hadoop-yarn-site/ResourceManagerRest.html},
    author = {{Apache Software Foundation}},
    date = {2015-06-29},
    urldate = {2018-02-08},
}

@misc{HadoopNmApi271,
    title = {NodeManager REST API’s},
    url = {http://hadoop.apache.org/docs/r2.7.1/hadoop-yarn/hadoop-yarn-site/NodeManagerRest.html},
    author = {{Apache Software Foundation}},
    date = {2015-06-29},
    urldate = {2018-02-08},
}

@misc{InriaTutorial,
	title = {Tutorial},
	url = {https://github.com/Spirals-Team/hadoop-benchmark/wiki/Tutorial},
	author = {Zhang, Bo},
	date = {2017-03-10},
	urldate = {2017-11-21},
}

@misc{DockerfileBestPractice,
    title = {Best practices for writing Dockerfiles},
    url = {https://docs.docker.com/develop/develop-images/dockerfile_best-practices/},
    author = {Docker Inc.},
    urldate = {2018-03-09},
}

@misc{DockerdevBestPractice,
    title = {Docker development best practices},
    url = {https://docs.docker.com/develop/dev-best-practices/},
    author = {Docker Inc.},
    urldate = {2018-07-04},
}

@misc{DockerMachineGettingStartedVm,
    title = {Get started with Docker Machine and a local VM},
    url = {https://docs.docker.com/machine/get-started/},
    author = {Docker Inc.},
    urldate = {2018-05-19},
}

@misc{SwimWikiHome,
    title = {SWIM Wiki: Home},
    url = {https://github.com/SWIMProjectUCB/SWIM/wiki},
    author = {Yanpei Chen; Sara Alspaugh; Archana Ganapathi; Rean Griffith; Randy Katz},
    date = {2016-06-12},
    urldate = {2018-03-10},
}

@misc{HadoopDataTypes,
    title = {Transactional Data is the Most Commonly Used Data Type in Hadoop},
    url = {https://bi-survey.com/hadoop-data-types},
    author = {BARC GmbH},
    urldate = {2018-04-11},
}

@misc{SSWikiModelChecking,
    title = {S\# Wiki - Model Checking},
    url = {https://github.com/isse-augsburg/ssharp/wiki/Model-Checking},
    author = {Axel Habermaier},
    date = {2016-05-10},
    urldate = {2018-05-30},
}

@misc{NUnitHomepage,
    title = {NUnit.org},
    url = {http://nunit.org/},
    author = {Poole, Charlie and Prouse, Rob},
    urldate = {2018-06-07},
}

@misc{UniversalmutatorSourceGenmutants,
    title = {universalmutator/genmutants.py},
    url = {https://github.com/agroce/universalmutator/blob/R0.8.13/universalmutator/genmutants.py},
    author = {Groce, Alex and Marinov, Darko},
    date = {2018-05-26},
    urldate = {2018-06-09},
}

@misc{PoweredByHadoop,
    title = {Powered by Apache Hadoop},
    url = {https://wiki.apache.org/hadoop/PoweredBy},
    author = {Zuletzt bearbeitet von XingWang},
    date = {2018-04-05},
    urldate = {2018-07-18},
}

@misc{HadoopYarnConfig271,
    title = {yarn-default.xml},
    url = {http://hadoop.apache.org/docs/r2.7.1/hadoop-yarn/hadoop-yarn-common/yarn-default.xml},
    author = {{Apache Software Foundation}},
    urldate = {2018-07-04},
}

@misc{HadoopHdfsConfig271,
    title = {hdfs-default.xml},
    url = {http://hadoop.apache.org/docs/r2.7.1/hadoop-project-dist/hadoop-hdfs/hdfs-default.xml},
    author = {{Apache Software Foundation}},
    urldate = {2018-07-04},
}

@misc{HadoopClusterSetup271,
    title = {Hadoop Cluster Setup},
    url = {http://hadoop.apache.org/docs/r2.7.1/hadoop-project-dist/hadoop-common/ClusterSetup.html},
    author = {{Apache Software Foundation}},
    date = {2015-06-29},
    urldate = {2018-07-10},
}

@misc{CsTimeFormatStrings,
    title = {Benutzerdefinierte Formatzeichenfolgen für Datum und Uhrzeit},
    url = {https://docs.microsoft.com/de-de/dotnet/standard/base-types/custom-date-and-time-format-strings},
    author = {Petrusha, Ron and olprod and Cai, Saisang},
    publisher = {{Microsoft Corporation}},
    date = {2017-03-30},
    urldate = {2018-07-10},
}

@misc{RandomClassDoc,
    title = {Random Class},
    url = {https://docs.microsoft.com/de-de/dotnet/api/system.random?view=netframework-4.7.2},
    author = {{Microsoft Corporation}},
    urldate = {2018-07-13},
}

@misc{SSWiki,
    title = {S\# Wiki - Home},
    url = {https://github.com/isse-augsburg/ssharp/wiki},
    author = {Habermaier, Axel and Leupolz, Johannes},
    date = {2017-05-15},
    urldate = {2018-07-17},
}

@misc{SSWikiModels,
    title = {S\# Wiki - Home},
    url = {https://github.com/isse-augsburg/ssharp/wiki/Models},
    author = {Habermaier, Axel},
    date = {2016-05-13},
    urldate = {2018-07-17},
}

@misc{JavaInstantDoc,
    title = {Class Instant},
    url = {https://docs.oracle.com/javase/8/docs/api/java/time/Instant.html},
    author = {{Oracle Corporation}},
    urldate = {2018-07-21},
}

@misc{HadoopIsNot,
    title = {What Hadoop is Not},
    url = {https://wiki.apache.org/hadoop/HadoopIsNot},
    author = {Zuletzt bearbeitet von SteveLoughran},
    date = {2013-07-10},
    urldate = {2018-07-21},
}
