@inproceedings{zhang2016,
	TITLE = "{Self-Balancing Job Parallelism and Throughput in Hadoop}",
	AUTHOR = "Zhang, Bo and K{\v r}ikava, Filip and Rouvoy, Romain and Seinturier, Lionel",
	URL = {https://hal.inria.fr/hal-01294834},
	BOOKTITLE = {{16th IFIP WG 6.1 International Conference on Distributed Applications and Interoperable Systems (DAIS)}},
	ADDRESS = {Heraklion, Crete, Greece},
	EDITOR = {M{\'a}rk Jelasity and Evangelia Kalyvianaki},
	PUBLISHER = {{Springer}},
	SERIES = {Distributed Applications and Interoperable Systems},
	VOLUME = {LNCS-9687},
	PAGES = {129-143},
	YEAR = {2016},
	MONTH = {6},
	DOI = {10.1007/978-3-319-39577-7\_11},
	KEYWORDS = {Hadoop ; Map Reduce ; Self-optimisation},
	PDF = {https://hal.inria.fr/hal-01294834/file/zhang-dais16.pdf},
	HAL_ID = {hal-01294834},
	HAL_VERSION = {v1},
}

@phdthesis{Cheng2008,
	author = {Cheng, Shang-Wen},
	advisor = {Garlan, David},
	title = {Rainbow: Cost-effective Software Architecture-based Self-adaptation},
	year = {2008},
	isbn = {978-0-549-52525-7},
	note = {AAI3305807},
	school = {Carnegie Mellon University},
	address = {Pittsburgh, PA, USA},
} 

@INPROCEEDINGS{Habermaier2016,
	author="Habermaier, Axel
	and Leupolz, Johannes
	and Reif, Wolfgang",
	editor="ter Beek, Maurice H.
	and Gnesi, Stefania
	and Knapp, Alexander",
	title="Unified Simulation, Visualization, and Formal Analysis of Safety-Critical Systems with S\#",
	bookTitle="Critical Systems: Formal Methods and Automated Verification: Joint 21st International Workshop on Formal Methods for Industrial Critical Systems and 16th International Workshop on Automated Verification of Critical Systems, FMICS-AVoCS 2016, Pisa, Italy, September 26-28, 2016, Proceedings",
	year="2016",
	publisher="Springer International Publishing",
	address="Cham",
	pages="150--167",
	isbn="978-3-319-45943-1",
	doi="10.1007/978-3-319-45943-1_11",
	url="https://doi.org/10.1007/978-3-319-45943-1_11"
}

@INPROCEEDINGS{Habermaier2015,
	author={A. Habermaier and B. Eberhardinger and H. Seebach and J. Leupolz and W. Reif},
	booktitle={2015 IEEE International Conference on Self-Adaptive and Self-Organizing Systems Workshops},
	title={Runtime Model-Based Safety Analysis of Self-Organizing Systems with S\#},
	year={2015},
	pages={128-133},
	doi={10.1109/SASOW.2015.26},
	month={9},
}

@INPROCEEDINGS{Eberhardinger2017,
	author={B. Eberhardinger and A. Habermaier and W. Reif},
	booktitle={2017 IEEE/ACM 12th International Workshop on Automation of Software Testing (AST)},
	title={Toward Adaptive, Self-Aware Test Automation},
	year={2017},
	pages={34-37},
	doi={10.1109/AST.2017.1},
	month={May},
}

@INPROCEEDINGS{Eberhardinger2016,
	author="Eberhardinger, Benedikt
	and Habermaier, Axel
	and Seebach, Hella
	and Reif, Wolfgang",
	editor="Wotawa, Franz
	and Nica, Mihai
	and Kushik, Natalia",
	title="Back-to-Back Testing of Self-organization Mechanisms",
	bookTitle="Testing Software and Systems: 28th IFIP WG 6.1 International Conference, ICTSS 2016, Graz, Austria, October 17-19, 2016, Proceedings",
	year="2016",
	publisher="Springer International Publishing",
	address="Cham",
	pages="18--35",
	isbn="978-3-319-47443-4",
	doi="10.1007/978-3-319-47443-4_2",
	url="https://doi.org/10.1007/978-3-319-47443-4_2"
}

@ARTICLE{Polo2013,
	author={M. Polo and P. Reales and M. Piattini and C. Ebert},
	journal={IEEE Software},
	title={Test Automation},
	year={2013},
	volume={30},
	number={1},
	pages={84-89},
	doi={10.1109/MS.2013.15},
	ISSN={0740-7459},
	month={1},
}

@inproceedings{Siqueira2016,
	author = {Siqueira, Bento Rafael and Ferrari, Fabiano Cutigi and Serikawa, Marcel Akira and Menotti, Ricardo and de Camargo, Valter Vieira},
	title = {Characterisation of Challenges for Testing of Adaptive Systems},
	booktitle = {Proceedings of the 1st Brazilian Symposium on Systematic and Automated Software Testing},
	series = {SAST},
	year = {2016},
	isbn = {978-1-4503-4766-2},
	location = {Maringa, Parana, Brazil},
	pages = {11:1--11:10},
	articleno = {11},
	numpages = {10},
	url = {http://doi.acm.org/10.1145/2993288.2993294},
	doi = {10.1145/2993288.2993294},
	acmid = {2993294},
	publisher = {ACM},
	address = {New York, NY, USA},
	keywords = {Adaptive systems, software testing, testing challenges},
} 

@article{Leucker2008,
	title = "A brief account of runtime verification",
	journal = "The Journal of Logic and Algebraic Programming",
	volume = "78",
	number = "5",
	pages = "293 - 303",
	year = "2009",
	note = "The 1st Workshop on Formal Languages and Analysis of Contract-Oriented Software (FLACOS’07)",
	issn = "1567-8326",
	doi = "https://doi.org/10.1016/j.jlap.2008.08.004",
	url = "http://www.sciencedirect.com/science/article/pii/S1567832608000775",
	author = "Martin Leucker and Christian Schallhart",
	keywords = "Verification, Testing, Monitoring, Assertion checking"
}

@article{Grumberg1999,
	title={Model checking},
	author={Grumberg, Orna and Clarke, EM and Peled, DA},
	year={1999},
	publisher={The MIT Press},
	location = {Cambridge, MA},
}

@book{Baier2008,
	author = {Baier, Christel; Katoen, Joost-Pieter},
	title = {Principles of model checking},
	publisher = {MIT Press},
	location = {Cambridge, MA},
	isbn = {978-0-262-026499},
	year = {2008},
}

@article{Dean2008,
    author = {Dean, Jeffrey and Ghemawat, Sanjay},
    title = {MapReduce: Simplified Data Processing on Large Clusters},
    journal = {Commun. ACM},
    issue_date = {January 2008},
    volume = {51},
    number = {1},
    month = jan,
    year = {2008},
    issn = {0001-0782},
    pages = {107--113},
    numpages = {7},
    url = {http://doi.acm.org/10.1145/1327452.1327492},
    doi = {10.1145/1327452.1327492},
    acmid = {1327492},
    publisher = {ACM},
    address = {New York, NY, USA},
}

@misc{Graves2013,
    title={GraySort and MinuteSort at Yahoo on Hadoop 0.23},
    author={Graves, Thomas},
    year={2013},
    url={http://sortbenchmark.org/Yahoo2013Sort.pdf}
}

@INPROCEEDINGS{Huang2010,
    author={S. Huang and J. Huang and J. Dai and T. Xie and B. Huang},
    booktitle={2010 IEEE 26th International Conference on Data Engineering Workshops (ICDEW 2010)},
    title={The HiBench benchmark suite: Characterization of the MapReduce-based data analysis},
    year={2010},
    pages={41-51},
    keywords={Java;data analysis;public domain software;HDFS bandwidth;Hadoop characterization;HiBench benchmark suite;MapReduce based data analysis;data access patterns;open source implementation;Bandwidth;Cloud computing;Data analysis;Explosives;Fault tolerance;Large-scale systems;Open source software;Personal communication networks;Resource management;Throughput},
    doi={10.1109/ICDEW.2010.5452747},
    month=mar,
}

@article{Chen2012,
    author = {Chen, Yanpei and Alspaugh, Sara and Katz, Randy},
    title = {Interactive Analytical Processing in Big Data Systems: A Cross-industry Study of MapReduce Workloads},
    journal = {Proc. VLDB Endow.},
    issue_date = {August 2012},
    volume = {5},
    number = {12},
    month = aug,
    year = {2012},
    issn = {2150-8097},
    pages = {1802--1813},
    numpages = {12},
    url = {http://dx.doi.org/10.14778/2367502.2367519},
    doi = {10.14778/2367502.2367519},
    acmid = {2367519},
    publisher = {VLDB Endowment},
}

@article{Ren2013,
    author = {Ren, Kai and Kwon, YongChul and Balazinska, Magdalena and Howe, Bill},
    title = {Hadoop's Adolescence: An Analysis of Hadoop Usage in Scientific Workloads},
    journal = {Proc. VLDB Endow.},
    issue_date = {August 2013},
    volume = {6},
    number = {10},
    month = aug,
    year = {2013},
    issn = {2150-8097},
    pages = {853--864},
    numpages = {12},
    url = {http://dx.doi.org/10.14778/2536206.2536213},
    doi = {10.14778/2536206.2536213},
    acmid = {2536213},
    publisher = {VLDB Endowment},
}

@article{Marynowski2012,
    author    = {Jo{\~{a}}o Eugenio Marynowski and
    Michel Albonico and
    Eduardo Cunha de Almeida and
    Gerson Suny{\'{e}}},
    title     = {Testing MapReduce-Based Systems},
    journal   = {CoRR},
    volume    = {abs/1209.6580},
    year      = {2012},
    url       = {http://arxiv.org/abs/1209.6580},
    archivePrefix = {arXiv},
    eprint    = {1209.6580},
}

@report{Eberhardinger2018,
    author = {Benedikt Eberhardinger and Hella Ponsa and Gerald Siegert and Wolfgang Reif},
    title = {Case Study: Adaptive Test Automation for Testing
    an Adaptive Hadoop Resource Manager},
    institution = {Institute for Software \& Systems Engineering, University of Augsburg},
    date = {2018},
    month = apr,
}

@article{Groce2018,
    title={An Extensible, Regular-Expression-Based Tool for Multi-Language Mutant Generation},
    author={Groce, Alex and Holmes, Josie and Marinov, Darko and Shi, August and Zhang, Lingming},
    year={2018},
    month = may,
    conference = {ICSE ’18 Companion: 40th International Con-
    ference on Software Engineering},
}
